
@misc{bib:internet_voting_estonia,
  author                   = {Sven Heiberg, Jan Willemson},
  title                    = {Verifiable Internet Voting in Estonia},
  howpublished             = {\url{https://research.cyber.ee/~janwil/publ/mobileverification-ieee.pdf}},
  note                     = {[access date: 2020-01-20]}
}